<record><leader>00000cas a2200000 a 4500</leader><controlfield tag="001">334756385</controlfield><controlfield tag="006">m     o  d        </controlfield><controlfield tag="007">cr |||||||||||</controlfield><controlfield tag="008">090521d194819uunyuqr neo     |    0spa c</controlfield><datafield ind1=" " ind2=" " tag="010"><subfield code="a">  2009254312</subfield></datafield><datafield ind1=" " ind2=" " tag="040"><subfield code="a">CUS</subfield><subfield code="b">eng</subfield><subfield code="c">CUS</subfield><subfield code="d">CUS</subfield><subfield code="d">OCLCQ</subfield><subfield code="d">OCLCF</subfield></datafield><datafield ind1=" " ind2=" " tag="042"><subfield code="a">pcc</subfield></datafield><datafield ind1="1" ind2="4" tag="050"><subfield code="a">N6538.H58</subfield></datafield><datafield ind1="0" ind2="0" tag="245"><subfield code="a">Artistas hispanos</subfield><subfield code="h">[electronic resource].</subfield></datafield><datafield ind1="1" ind2=" " tag="246"><subfield code="i">Also known as:</subfield><subfield code="a">Artistas hispano</subfield></datafield><datafield ind1=" " ind2=" " tag="260"><subfield code="a">New York, N.Y. :</subfield><subfield code="b">[s.n.]</subfield></datafield><datafield ind1=" " ind2=" " tag="310"><subfield code="a">Quarterly</subfield></datafield><datafield ind1="1" ind2=" " tag="362"><subfield code="a">Began in 1948?</subfield></datafield><datafield ind1=" " ind2=" " tag="588"><subfield code="a">Description based on: Jun./sept. 1948; title from PDF cover (Hispanic American Newspapers, viewed May 21, 2009).</subfield></datafield><datafield ind1=" " ind2=" " tag="588"><subfield code="a">Latest issue consulted: Jun./sept. 1948 (viewed May 20, 2009).</subfield></datafield><datafield ind1=" " ind2="0" tag="650"><subfield code="a">Hispanic American artists</subfield><subfield code="v">Periodicals.</subfield></datafield><datafield ind1=" " ind2="0" tag="650"><subfield code="a">Hispanic American arts</subfield><subfield code="v">Periodicals.</subfield></datafield><datafield ind1=" " ind2="7" tag="655"><subfield code="a">Periodicals.</subfield><subfield code="2">fast</subfield><subfield code="0">(OCoLC)fst01411641</subfield></datafield><datafield ind1=" " ind2="7" tag="650"><subfield code="a">Hispanic American artists.</subfield><subfield code="2">fast</subfield><subfield code="0">(OCoLC)fst00957336</subfield></datafield><datafield ind1=" " ind2="7" tag="650"><subfield code="a">Hispanic American arts.</subfield><subfield code="2">fast</subfield><subfield code="0">(OCoLC)fst00957337</subfield></datafield><datafield ind1=" " ind2=" " tag="752"><subfield code="a">United States</subfield><subfield code="b">New York</subfield><subfield code="d">New York.</subfield></datafield><datafield ind1="4" ind2="0" tag="856"><subfield code="u">http://infoweb.newsbank.com/?db=EANX&amp;s_browseRef=decades/11F5F8DC226D2C35/all.xml</subfield></datafield></record>